% Optional fields: volume, number, pages, month, note
@ARTICLE{1962_Gale,
	author = {D. Gale and L. S. Shapley},
	title = {College Admissions and the Stability of Marriage},
	journal = {The American Mathematical Monthly},
	year = {1962},
	volume = {69},
	month = {January},
	pages = {9-15}
}

@ARTICLE{1982_Roth,
	author = {A. Roth},
	title = {The Economics of Matching: Stability and Incentives},
	journal = {Mathematics of Operations Research},
	year = {1982},
	volume = {7},
	number = {4},
	month = {November}
}

% Optional fields: volume, number, pages, month, note
@ARTICLE{1984_Roth,
	author = {A. Roth},
	title = {Stability and Polarization of Interests in Job Matching},
	journal = {Econometrica},
	year = {1984},
	volume = {52},
	number = {1},
	pages = {47-57}
}

% Optional fields: volume, number, pages, month, note
@ARTICLE{1985_Roth,
	author = {A. Roth},
	title = {Conflict and Coincidence of Interest in Job Matching: Some New Results and Open Questions},
	journal = {Mathematics of Operations Research},
	year = {1985},
	volume = {10},
	number = {3},
	month = {August}
}

% Optional fields: volume, number, pages, month, note
@ARTICLE{1985_Roth_b,
	author = {A. Roth},
	title = {The College Admissions Problem Is Not Equivalent to the Marriage Problem},
	journal = {Journal of Economic Theory},
	year = {1985},
	volume = {36},
	pages = {277-288}
}

% Optional fields: volume, number, pages, month, note
@ARTICLE{1988_Roth_Sotomayor,
	author = {A. Roth and M. Sotomayor},
	title = {Interior Points in the Core of Two-Sided Matching Markets},
	journal = {Journal of Economic Theory},
	year = {1988},
	number = {45},
	pages = {85-101}
}

% Optional fields: volume, number, pages, month, note
@ARTICLE{1994_Irving,
	author = {R. Irving},
	title = {Stable Marriage and Indifference},
	journal = {Discrete Applied Mathematics},
	year = {1994},
	volume = {48}, 
	pages = {261-272}
}

% Optional fields: volume, number, pages, month, note
@ARTICLE{1989_Roth,
	author = {A. Roth and M. Sotomayor},
	title = {The College Admissions Problem Revisited},
	journal = {Econometrica},
	year = {1989},
	volume = {57},
	number = {3},
	pages = {559-570},
	month = {May}
}

% Optional fields: volume, number, pages, month, note
@ARTICLE{1993_Roth,
	author = {A. Roth, U. Rothblum, and J. Vande Vate},
	title = {Stable Matchings, Optimal Assignments, and Linear Programming},
	journal = {Mathematics of Operations Research},
	year = {1993},
	volume = {18},
	number = {4},
	month = {November}
}

% Optional fields: volume, number, pages, month, note
@ARTICLE{1994_Khuller,
	author = {S. Khuller, S. Mitchell, and V. Vazirani},
	title = {On-line Algorithms for Weighted Bipartite Matching and Stable Marriages},
	journal = {Theoretical Computer Science},
	year = {1994},
	volume = {127},
	month = {May},
	pages = {255-267}
}

@TECHREPORT{2006_Atila,
	author = {A. Abdulkadiroglu, A. Roth, P. Pathak, and T, Sonmez},
	title = {Changing the Boston School Choice Mechanism},
	institution = {Boston Public Schools},
	year = {2006},
	month = {January}
}

% Optional fields: volume, number, pages, month, note
@ARTICLE{2011_Budish,
	author = {E.Budish},
	title = {The Combinatorial Assignment Problem: Approximate Competitive Equilibrium from Equal Incomes},
	journal = {Journal of Political Economy},
	year = {2011},
	volume = {119},
	number = {6}
}

% Optional fields: month, year
@UNPUBLISHED{2019_Shaw,
	author = {I. Shaw},
	title = {Completing Incomplete Ordinal Preferences},
	note = {Paper is in the process of being published.},
	month = {March},
	year = {2019}
}


