% Optional fields: volume, number, pages, month, note
@ARTICLE{gale_shapely,
	author = {D. Gale and L. S. Shapley},
	title = {College Admissions and the Stability of Marriage},
	journal = {The American Mathematical Monthly},
	year = {1962},
	volume = {69},
	month = {January},
	pages = {9-15}
}